<record><leader>00000cas a22000007a 4500</leader><controlfield tag="001">11845030</controlfield><controlfield tag="008">850325d18721889ohuwr ne      0    0eng d</controlfield><datafield ind1=" " ind2=" " tag="010"><subfield code="a">sn 85025671 </subfield></datafield><datafield ind1=" " ind2=" " tag="040"><subfield code="a">NPX</subfield><subfield code="b">eng</subfield><subfield code="c">NPX</subfield><subfield code="d">NPU</subfield><subfield code="d">ONP</subfield><subfield code="d">OCLCQ</subfield></datafield><datafield ind1=" " ind2=" " tag="042"><subfield code="a">msc</subfield></datafield><datafield ind1="0" ind2=" " tag="130"><subfield code="a">Cardington Independent (Cardington, Ohio : 1872)</subfield></datafield><datafield ind1="1" ind2="0" tag="245"><subfield code="a">Cardington Independent.</subfield></datafield><datafield ind1=" " ind2=" " tag="260"><subfield code="a">Cardington, Ohio :</subfield><subfield code="b">S. Brown,</subfield><subfield code="c">1872-1889.</subfield></datafield><datafield ind1=" " ind2=" " tag="300"><subfield code="a">v. ;</subfield><subfield code="c">67 cm.</subfield></datafield><datafield ind1=" " ind2=" " tag="310"><subfield code="a">Weekly</subfield></datafield><datafield ind1="0" ind2=" " tag="362"><subfield code="a">New ser., v. 1, no. 27 (July 25, 1872)-v. 17, no. 52 (Jan. 9, 1889).</subfield></datafield><datafield ind1=" " ind2=" " tag="500"><subfield code="a">Editor: S. Brown, &lt;1873&gt;, W.S. Ensign, &lt;1876&gt;.</subfield></datafield><datafield ind1=" " ind2=" " tag="500"><subfield code="a">Publisher: W.S. Ensign, &lt;1876&gt;.</subfield></datafield><datafield ind1=" " ind2=" " tag="752"><subfield code="a">United States</subfield><subfield code="b">Ohio</subfield><subfield code="c">Morrow</subfield><subfield code="d">Cardington.</subfield></datafield><datafield ind1="0" ind2="0" tag="780"><subfield code="t">Cardington Republican</subfield><subfield code="w">(DLC)sn 85038110</subfield></datafield><datafield ind1="0" ind2="0" tag="785"><subfield code="t">Morrow County Independent (Cardington, Ohio : 1889)</subfield><subfield code="w">(DLC)sn 88077579</subfield></datafield><datafield ind1="1" ind2=" " tag="029"><subfield code="a">AU@</subfield><subfield code="b">000025822534</subfield></datafield></record>